<?xml version="1.0" encoding="UTF-8"?><collection xmlns="http://www.loc.gov/MARC21/slim"><record><leader>00585nam--2200181-i-4500</leader><controlfield tag="001">000039243</controlfield><controlfield tag="002">20161230</controlfield><controlfield tag="005">20161230201042</controlfield><controlfield tag="008">060222s1000------------r-----000-0-fre-d</controlfield><datafield ind1=" " ind2=" " tag="040"><subfield code="a">IFIN-HH</subfield></datafield><datafield ind1=" " ind2=" " tag="041"><subfield code="a">fre</subfield></datafield><datafield ind1=" " ind2=" " tag="080"><subfield code="a">539.2:539.12.04(043)</subfield></datafield><datafield ind1="1" ind2=" " tag="100"><subfield code="a">Riviere,Jean Paul</subfield></datafield><datafield ind1="1" ind2="0" tag="245"><subfield code="a">Etude des defauts poncuels crees par trempe, irradiatiion aux neutrons a 20 k et ecrouissage dans les alliages ordonnes de type b2 fe-al</subfield><subfield code="b">These</subfield><subfield code="c">Jean paul riviere</subfield></datafield><datafield ind1=" " ind2=" " tag="260"><subfield code="a">Poitiers</subfield><subfield code="b">Faculte Des Sciences</subfield><subfield code="c">1975</subfield></datafield><datafield ind1=" " ind2=" " tag="300"><subfield code="a">135 P</subfield></datafield><datafield ind1=" " ind2=" " tag="852"><subfield code="a">44933</subfield><subfield code="c">539.2</subfield></datafield><datafield ind1=" " ind2=" " tag="CAT"><subfield code="a">Sys</subfield><subfield code="c">20121025</subfield><subfield code="h">161413</subfield></datafield></record></collection>